@article{frensley,
  title={Boundary conditions for open quantum systems driven far from equilibrium},
  author={Frensley, William R},
  journal={Reviews of Modern Physics},
  volume={62},
  number={3},
  pages={745},
  year={1990},
  publisher={APS}
}

@phdthesis{gummel,
  title={Quantum  electronic  device  simulation},
  author={Biegel, B A},
  journal={Reviews of Modern Physics},
  school={Stanford Univ.},
  year={1990},
  publisher={CA}
}
